<record><leader>00000cas a2200000 a 4500</leader><controlfield tag="001">33927380</controlfield><controlfield tag="008">951215d18811885flucr ne      0    0eng c</controlfield><datafield ind1=" " ind2=" " tag="010"><subfield code="a">sn 95047413 </subfield></datafield><datafield ind1=" " ind2=" " tag="040"><subfield code="a">FUG</subfield><subfield code="b">eng</subfield><subfield code="c">FUG</subfield><subfield code="d">OCLCQ</subfield><subfield code="d">OCLCF</subfield><subfield code="d">OCLCO</subfield></datafield><datafield ind1=" " ind2=" " tag="012"><subfield code="i">9512</subfield></datafield><datafield ind1="1" ind2=" " tag="029"><subfield code="a">AU@</subfield><subfield code="b">000025893271</subfield></datafield><datafield ind1=" " ind2=" " tag="042"><subfield code="a">pcc</subfield></datafield><datafield ind1=" " ind2=" " tag="043"><subfield code="a">n-us-fl</subfield></datafield><datafield ind1="0" ind2=" " tag="130"><subfield code="a">Land of flowers (Tallahassee, Fla.)</subfield></datafield><datafield ind1="1" ind2="4" tag="245"><subfield code="a">The land of flowers.</subfield></datafield><datafield ind1=" " ind2=" " tag="260"><subfield code="a">Tallahassee, Fla. :</subfield><subfield code="b">R. Don McLeod,</subfield><subfield code="c">1881-</subfield></datafield><datafield ind1=" " ind2=" " tag="300"><subfield code="a">v.</subfield></datafield><datafield ind1=" " ind2=" " tag="310"><subfield code="a">Semiweekly,</subfield><subfield code="b">Feb. 25-&lt;Apr. 11, 1885&gt;</subfield></datafield><datafield ind1=" " ind2=" " tag="321"><subfield code="a">Monthly,</subfield><subfield code="b">Apr.-&lt;Dec. 1881&gt;</subfield></datafield><datafield ind1=" " ind2=" " tag="321"><subfield code="a">Weekly,</subfield><subfield code="b">&lt;Jan. 12, 1882&gt;-Feb. 21, 1885</subfield></datafield><datafield ind1="0" ind2=" " tag="362"><subfield code="a">Vol. 1, no. 1 (Apr. 1881)-</subfield></datafield><datafield ind1="1" ind2=" " tag="362"><subfield code="a">Ceased in 1885.</subfield></datafield><datafield ind1=" " ind2=" " tag="588"><subfield code="a">Latest issue consulted: Vol. 5, no. 13 (May 16, 1885).</subfield></datafield><datafield ind1=" " ind2="0" tag="651"><subfield code="a">Tallahassee (Fla.)</subfield><subfield code="v">Newspapers.</subfield></datafield><datafield ind1=" " ind2="0" tag="651"><subfield code="a">Leon County (Fla.)</subfield><subfield code="v">Newspapers.</subfield></datafield><datafield ind1=" " ind2="7" tag="655"><subfield code="a">Newspapers.</subfield><subfield code="2">fast</subfield><subfield code="0">(OCoLC)fst01423814</subfield></datafield><datafield ind1=" " ind2="7" tag="651"><subfield code="a">Florida</subfield><subfield code="z">Leon County.</subfield><subfield code="2">fast</subfield><subfield code="0">(OCoLC)fst01206533</subfield></datafield><datafield ind1=" " ind2="7" tag="651"><subfield code="a">Florida</subfield><subfield code="z">Tallahassee.</subfield><subfield code="2">fast</subfield><subfield code="0">(OCoLC)fst01206534</subfield></datafield><datafield ind1=" " ind2=" " tag="752"><subfield code="a">United States</subfield><subfield code="b">Florida</subfield><subfield code="c">Leon</subfield><subfield code="d">Tallahassee.</subfield></datafield><datafield ind1="0" ind2="7" tag="785"><subfield code="t">Economist (Tallahassee, Fla.)</subfield></datafield><datafield ind1="0" ind2="7" tag="785"><subfield code="t">Tallahasseean</subfield><subfield code="w">(DLC)sn 95047414</subfield><subfield code="w">(OCoLC)33927381</subfield></datafield><datafield ind1=" " ind2=" " tag="850"><subfield code="a">FU</subfield></datafield></record>